@inproceedings{Ganti10,
author = {Ganti, Venkatesh and K\"{o}nig, Arnd Christian and Li, Xiao},
title = {Precomputing Search Features for Fast and Accurate Query Classification},
booktitle = {Proceedings of the Third ACM International Conference on Web Search and Data Mining},
series = {WSDM '10},
year = {2010},
}

@inproceedings{Kannan11,
author = {Kannan, Anitha and Talukdar, Partha Pratim and Rasiwasia, Nikhil and Ke, Qifa},
booktitle = {IEEE International Conference on Data Mining},
month = dec,
title = {Improving Product Classification Using Images},
year = {2011},
}

@article{Sun14,
author = {Sun, Chong and Rampalli, Narasimhan and Yang, Frank and Doan, AnHai},
title = {Chimera: Large-scale Classification Using Machine Learning, Rules, and Crowdsourcing},
journal = {Proc. VLDB Endow.},
volume = {7},
number = {13},
month = aug,
year = {2014},
}